@misc{TweetSource,
    title="Raw Twitter Timelines w/ No Retweets",
    author="James Littiebrant",
    howpublished="https://www.kaggle.com/speckledpingu/RawTwitterFeeds",
    note="Accessed:2019-12-12"
}

@misc{PPMinfo,
    title="PPM Format Specification",
    author="NetPBM",
    howpublished="http://netpbm.sourceforge.net/doc/ppm.html",
    note="Accessed:2019-11-18"
}

@misc{Class,
    title="COSC522 Lesson 15 - Unsupervised Learning (Clustering)",
    author="Hairong Qi",
    howpublished="http://web.eecs.utk.edu/~hqi/cosc522/lecture15-clustering.pdf",
    note="Accessed:2019-11-18"
}

@misc{MSE,
    title="How To Compare Two Images in Python",
    author="Adrian Rosebrock",
    howpublished="https://www.pyimagesearch.com/2014/09/15/python-compare-two-images/",
    note="Accessed:2019-11-20"
}
